<?xml version="1.0" encoding="UTF-8"?><record xmlns="http://www.loc.gov/MARC21/slim" xmlns:cinclude="http://apache.org/cocoon/include/1.0" xmlns:zs="http://www.loc.gov/zing/srw/">
  <leader>00412cz  a2200133n  4500</leader>
  <controlfield tag="001">n  87129689 </controlfield>
  <controlfield tag="003">DLC</controlfield>
  <controlfield tag="005">20080410075451.0</controlfield>
  <controlfield tag="008">870922n| acannaabn          |n aad      </controlfield>
  <datafield tag="010" ind1=" " ind2=" ">
    <subfield code="a">n  87129689 </subfield>
  </datafield>
  <datafield tag="035" ind1=" " ind2=" ">
    <subfield code="a">(OCoLC)oca01946315</subfield>
  </datafield>
  <datafield tag="040" ind1=" " ind2=" ">
    <subfield code="a">DLC</subfield>
    <subfield code="b">eng</subfield>
    <subfield code="c">DLC</subfield>
    <subfield code="d">OCoLC</subfield>
  </datafield>
  <datafield tag="100" ind1="1" ind2=" ">
    <subfield code="a">Moser, Gina</subfield>
  </datafield>
  <datafield tag="670" ind1=" " ind2=" ">
    <subfield code="a">nuc87-96480: Her A haptenated parasite model for ... 1980, c1981</subfield>
    <subfield code="b">(hdg. on NdU rept.: Moser, Gina; usage: Gina Moser)</subfield>
  </datafield>
</record>